@incollection{graham1979optimization,
  title={Optimization and approximation in deterministic sequencing and scheduling: a survey},
  author={Graham, Ronald L and Lawler, Eugene L and Lenstra, Jan Karel and Kan, AHG Rinnooy},
  booktitle={Annals of discrete mathematics},
  volume={5},
  pages={287--326},
  year={1979},
  publisher={Elsevier}
}

@article{chen1999potts,
  title={Potts, and Gerhard J Woeginger. A review of machine scheduling: Complexity, algorithms and approximability},
  author={Chen, Bo and Chris, N},
  journal={Handbook of combinatorial optimization},
  pages={1493--1641},
  year={1999}
}

@article{garey1982computers,
  title={Computers and Intractability: A Guide to the Theory of NP-Completeness. Freeman, San Francisco, 1979},
  author={Garey, MR and Johnson, DS},
  year={1982}
}

@article{garey1978strong,
  title={``Strong''NP-Completeness Results: Motivation, Examples, and Implications},
  author={Garey, Michael R and Johnson, David S},
  journal={Journal of the ACM (JACM)},
  volume={25},
  number={3},
  pages={499--508},
  year={1978},
  publisher={ACM New York, NY, USA}
}

@article{rothkopf1966scheduling,
  title={Scheduling independent tasks on parallel processors},
  author={Rothkopf, Michael H},
  journal={Management Science},
  volume={12},
  number={5},
  pages={437--447},
  year={1966},
  publisher={INFORMS}
}

@article{mokoto1999scheduling,
  title={Scheduling to minimize the makespan on identical parallel Machines: an LP-based algorithm},
  author={Mokoto, Ethel},
  journal={Investigacion Operative},
  volume={97107},
  year={1999},
  publisher={Citeseer}
}

@article{mcnaughton1959scheduling,
  title={Scheduling with deadlines and loss functions},
  author={McNaughton, Robert},
  journal={Management Science},
  volume={6},
  number={1},
  pages={1--12},
  year={1959},
  publisher={INFORMS}
}

@article{graham1966bounds,
  title={Bounds for certain multiprocessing anomalies},
  author={Graham, Ronald L},
  journal={Bell System Technical Journal},
  volume={45},
  number={9},
  pages={1563--1581},
  year={1966},
  publisher={Wiley Online Library}
}

@article{della2018longest,
  title={The Longest Processing Time rule for identical parallel machines revisited},
  author={Della Croce, Federico and Scatamacchia, Rosario},
  journal={Journal of Scheduling},
  pages={1--14},
  year={2018},
  publisher={Springer}
}

@article{coffman1978application,
  title={An application of bin-packing to multiprocessor scheduling},
  author={Coffman, Jr, Edward G and Garey, Michael R and Johnson, David S},
  journal={SIAM Journal on Computing},
  volume={7},
  number={1},
  pages={1--17},
  year={1978},
  publisher={SIAM}
}

@article{lee1988multiprocessor,
  title={Multiprocessor scheduling: combining LPT and MULTIFIT},
  author={Lee, Chung-Yee and Massey, J David},
  journal={Discrete applied mathematics},
  volume={20},
  number={3},
  pages={233--242},
  year={1988},
  publisher={Elsevier}
}

@article{gupta2001listfit,
  title={A LISTFIT heuristic for minimizing makespan on identical parallel machines},
  author={Gupta, Jatinder ND and Ruiz-Torres, Alex J},
  journal={Production Planning \& Control},
  volume={12},
  number={1},
  pages={28--36},
  year={2001},
  publisher={Taylor \& Francis}
}

@article{hochbaum1987using,
  title={Using dual approximation algorithms for scheduling problems theoretical and practical results},
  author={Hochbaum, Dorit S and Shmoys, David B},
  journal={Journal of the ACM (JACM)},
  volume={34},
  number={1},
  pages={144--162},
  year={1987},
  publisher={ACM New York, NY, USA}
}

@article{graham1969bounds,
  title={Bounds on multiprocessing timing anomalies},
  author={Graham, Ronald L.},
  journal={SIAM journal on Applied Mathematics},
  volume={17},
  number={2},
  pages={416--429},
  year={1969},
  publisher={SIAM}
}

