%================================================================================
%	ALGORITHME SLACK / Document de base au projet
%================================================================================
@article{della2020longest,
  title={The Longest Processing Time rule for identical parallel machines revisited},
  author={Della Croce, Federico and Scatamacchia, Rosario},
  journal={Journal of Scheduling},
  volume={23},
  number={2},
  pages={163--176},
  year={2020},
  publisher={Springer}
}

%================================================================================
%	ALGORITHME LPT
%================================================================================
@article{graham1966bounds,
  title={Bounds for certain multiprocessing anomalies},
  author={Graham, Ronald L},
  journal={Bell System Technical Journal},
  volume={45},
  number={9},
  pages={1563--1581},
  year={1966},
  publisher={Wiley Online Library}
}

%================================================================================
%	ALGORITHME LDM
%================================================================================
@book{karmarkar1982differencing,
  title={The differencing method of set partitioning},
  author={Karmarkar, Narendra and Karp, Richard M},
  year={1982},
  publisher={Computer Science Division (EECS), University of California Berkeley}
}


%================================================================================
%	ALGORITHME COMBINE
%================================================================================
@article{lee1988multiprocessor,
  title={Multiprocessor scheduling: combining LPT and MULTIFIT},
  author={Lee, Chung-Yee and Massey, J David},
  journal={Discrete applied mathematics},
  volume={20},
  number={3},
  pages={233--242},
  year={1988},
  publisher={Elsevier}
}



%================================================================================
%	alanyses algorithmes de bin packing notemment FFD
%       publi : _Rieck_2010_FFD.pdf
%================================================================================
@article{rieck2010basic,
  title={Basic analysis of bin-packing heuristics},
  author={Rieck, Bastian},
  journal={Publicado por Interdisciplinary Center for Scientific Computing. Heildelberg University},
  year={2010}
}

%================================================================================
%	Heterogeneite des matrices de cout
%	Louis-Claude Canon et Laurent Philippe
%================================================================================
@article{canon2016heterogeneity,
  title={On the heterogeneity bias of cost matrices for assessing scheduling algorithms},
  author={Canon, Louis-Claude and Philippe, Laurent},
  journal={IEEE Transactions on Parallel and Distributed Systems},
  volume={28},
  number={6},
  pages={1675--1688},
  year={2016},
  publisher={IEEE}
}

